<?xml version="1.0" encoding="UTF-8"?><collection xmlns="http://www.loc.gov/MARC21/slim"><record><leader>00421nam--2200145-i-4500</leader><controlfield tag="001">000014207</controlfield><controlfield tag="002">20161230</controlfield><controlfield tag="005">20170305212013</controlfield><controlfield tag="008">060222s1000------------r-----000-0-eng-d</controlfield><datafield ind1=" " ind2=" " tag="100"><subfield code="a">Coffron, James W</subfield></datafield><datafield ind1=" " ind2=" " tag="245"><subfield code="a">Practical troubleshooting techniques for microprocessor systems</subfield></datafield><datafield ind1=" " ind2=" " tag="260"><subfield code="a">Englewood Cliffs</subfield><subfield code="b">Prentice Hall Inc</subfield><subfield code="c">1981</subfield></datafield><datafield ind1=" " ind2=" " tag="300"><subfield code="a">IX+ 246 p</subfield></datafield><datafield ind1=" " ind2=" " tag="852"><subfield code="a">681.326.32:681.3.012</subfield></datafield><datafield ind1=" " ind2=" " tag="CAT"><subfield code="a">SYS</subfield><subfield code="c">20170305</subfield><subfield code="h">212013</subfield></datafield></record></collection>